@article{zhang2023,
	author = {Zhang, Y. and Rozsa, M. and Liang, Y. and Bushey, D. and Wei, Z. and Zheng, J. and Reep, D. and Broussard, G.J. and Tsang, A. and Tsegaye, G. and Naraya, S. and Obara, C.J. and Lim, J.-X. and Patel, R. and Zhang, R. and Ahrens, M.B. and Turner, G.C. and Wang, S.S.-H. and Korff, W.L. and Schreiter, E.R. and Svoboda, K. and Hasseman, J.P. and Kolb, I. and Looger, L.L.},
	title = {Fast and sensitive {GCaMP} calcium indicators for imaging neural populations},
	journaltitle = {Nature},
	date = {2023},
	volume = {615},
	pages = {884--891},
	doi = {10.1038/s41586-023-05828-9},
}

